%% Created by Omar Ibrahim


%% Saved with string encoding Unicode (UTF-8) 

@misc{project_outline,
	Annote = {A document that outlines the project},
	Author = {Omar Ibrahim},
	Date-Modified = {2023-02-24 12:21:00 +0100},
	Howpublished = {\url{https://github.com/TheRealShoxie/Interactive-Robot-Chess/blob/main/DOCS/Project_Outline/MP.IBO1.00_-_Project_Outline.pdf}},
	Month = Feb,
	Note = {Accessed February 2023},
	Title = {{MP.IBO1.00 Project Outline}},
	Year = {2023}
	}

@misc{principles_agile,
	Annote = {These are the principles of agile},
	Author = {Agile Manifesto},
	Howpublished = {\url{https://agilemanifesto.org/principles.html}},
	Note = {Accessed February 2023},
	Title = {{Principles behind the Agile Manifesto}},
	Year = {2001}
}

@misc{example_processes,
	Annote = {Webside which explains development processes},
	Author = {Neil Taylor},
	Howpublished = {\url{https://teaching.dcs.aber.ac.uk/docs/2023/MMP/information/process/processes.html}},
	Note = {Accessed February 2023},
	Title = {{Example processes}},
	Year = 2023,
	Month = Jan,
	Day = 27
}

@misc{scrum_guide,
	Annote = {Webside for a scrum guide},
	Author = {Ken Schwaber and Jeff Sutherland},
	Howpublished = {\url{https://scrumguides.org/scrum-guide.html}},
	Note = {Accessed February 2023},
	Title = {{The 2020 Scrum Guide}},
	Year = 2020
}

@misc{what_is_scrum,
	Annote = {Webside for scrum},
	Author = {Scrum.org},
	Howpublished = {\url{https://www.scrum.org/resources/what-is-scrum}},
	Note = {Accessed February 2023},
	Title = {{What is Scrum?}}
}

@misc{user_story,
	Annote = {Article on User Stories in Scrum},
	Author = {Max Rehkopf},
	Howpublished = {\url{https://www.atlassian.com/agile/project-management/user-stories}},
	Note = {Accessed February 2023},
	Title = {User stories with examples and a template},
}

@misc{kanban_board,
	Annote = {Article on Kanban board},
	Author = {Max Rehkopf},
	Howpublished = {\url{https://www.atlassian.com/agile/kanban/boards}},
	Note = {Accessed February 2023},
	Title = {What is a kanban board?}
}