  @misc{stockfish,
   annote = {Strong open source chess engine}, 
   title={Stockfish 15.1},
   url={https://stockfishchess.org/},
   journal={Stockfish},
   note= {Accessed February 2023},
  }

 @misc{kotlin,
   annote = { A modern programming language that makes developers happier.},
   title={Kotlin programming language},
   url={https://kotlinlang.org/},
   journal={Kotlin},
   note= {Accessed February 2023},
}

 @misc{ros,
   annote = {The Robot Operating System (ROS) is a set of software libraries and tools that help you build robot applications.},
   title={Robot operating system},
   url={https://www.ros.org/},
   journal={ROS},
   note= {Accessed February 2023},
} 

  @misc{openCV,
    annote = {OpenCV is a highly optimized library with focus on real-time applications.},
    title = {OpenCV},
    url={https://opencv.org/},
    journal={OpenCV},
    note = {Accessed February 2023}
  }